<record><leader>00000cas a2200000 a 4500</leader><controlfield tag="001">12283928</controlfield><controlfield tag="008">850719d18901895ksuwr ne      0    0eng d</controlfield><datafield ind1=" " ind2=" " tag="010"><subfield code="a">sn 85030686 </subfield></datafield><datafield ind1=" " ind2=" " tag="040"><subfield code="a">KSH</subfield><subfield code="b">eng</subfield><subfield code="c">KSH</subfield><subfield code="d">NPT</subfield><subfield code="d">OCL</subfield><subfield code="d">OCLCQ</subfield><subfield code="d">DLC</subfield><subfield code="d">OCLCF</subfield></datafield><datafield ind1=" " ind2=" " tag="042"><subfield code="a">msc</subfield></datafield><datafield ind1=" " ind2=" " tag="043"><subfield code="a">n-us-ks</subfield></datafield><datafield ind1="0" ind2="4" tag="245"><subfield code="a">The Alliance gazette.</subfield></datafield><datafield ind1=" " ind2=" " tag="260"><subfield code="a">Hutchinson, Kan. :</subfield><subfield code="b">Warren Foster,</subfield><subfield code="c">1890-1895.</subfield></datafield><datafield ind1=" " ind2=" " tag="300"><subfield code="a">5 v. :</subfield><subfield code="b">ill. ;</subfield><subfield code="c">55-60 cm.</subfield></datafield><datafield ind1=" " ind2=" " tag="310"><subfield code="a">Weekly</subfield></datafield><datafield ind1="0" ind2=" " tag="362"><subfield code="a">Vol. 1, no. 1 (Sept. 5, 1890)-v. 5, no. 19 (Jan. 10, 1895).</subfield></datafield><datafield ind1=" " ind2=" " tag="500"><subfield code="a">Published by: Foster &amp; Foster, May 1, 1891-Feb. 22, 1894; Gazette Pub. &amp; Printing Co., Mar. 1, 1894-Jan. 10, 1895.</subfield></datafield><datafield ind1=" " ind2=" " tag="550"><subfield code="a">"Official organ of the People's Party &amp; the Farmers' Alliance."</subfield></datafield><datafield ind1=" " ind2="0" tag="651"><subfield code="a">Hutchinson (Kan.)</subfield><subfield code="v">Newspapers.</subfield></datafield><datafield ind1=" " ind2="7" tag="655"><subfield code="a">Newspapers.</subfield><subfield code="2">fast</subfield><subfield code="0">(OCoLC)fst01423814</subfield></datafield><datafield ind1=" " ind2="7" tag="651"><subfield code="a">Kansas</subfield><subfield code="z">Hutchinson.</subfield><subfield code="2">fast</subfield><subfield code="0">(OCoLC)fst01219133</subfield></datafield><datafield ind1=" " ind2=" " tag="752"><subfield code="a">United States</subfield><subfield code="b">Kansas</subfield><subfield code="c">Reno</subfield><subfield code="d">Hutchinson.</subfield></datafield><datafield ind1="0" ind2="0" tag="785"><subfield code="t">Hutchinson gazette (Hutchinson, Kan. : 1895)</subfield><subfield code="x">2329-406X</subfield><subfield code="w">(DLC)sn 85030687</subfield><subfield code="w">(OCoLC)12308054</subfield></datafield></record>